<record xmlns="http://www.loc.gov/MARC21/slim" xmlns:xsi="http://www.w3.org/2001/XMLSchema-instance" xsi:schemaLocation="http://www.loc.gov/MARC21/slim http://www.loc.gov/standards/marcxml/schema/MARC21slim.xsd">

  <leader>00762nam a2200217Ia 4500</leader>
  <datafield ind1=" " tag="999" ind2=" ">
    <subfield code="c">916</subfield>
    <subfield code="d">916</subfield>
  </datafield>
  <controlfield tag="008">170901b1998    cr ||||| |||| 00| | spa d</controlfield>
  <datafield tag="020" ind2=" " ind1=" ">
    <subfield code="a">9968989916</subfield>
  </datafield>
  <datafield ind1=" " tag="090" ind2=" ">
    <subfield code="a">07.09.01 </subfield>
    <subfield code="b">477</subfield>
  </datafield>
  <datafield tag="100" ind2=" " ind1="1">
    <subfield code="a">Aguilar Zárate, María de los Angeles</subfield>
    <subfield code="9">3141</subfield>
  </datafield>
  <datafield ind1="1" ind2="0" tag="245">
    <subfield code="a">Conociendo los animales nativos de Costa Rica en el Zoológico Nacional Simón Bolívar / </subfield>
    <subfield code="c">María de los Angeles Aguilar Zárate, Luisa Valle Bourrouet</subfield>
  </datafield>
  <datafield ind1=" " tag="260" ind2=" ">
    <subfield code="a">San José, Costa Rica : </subfield>
    <subfield code="b">Fundación Prozoológicos, </subfield>
    <subfield code="c">1998</subfield>
  </datafield>
  <datafield ind1=" " ind2=" " tag="300">
    <subfield code="a">116 páginas</subfield>
  </datafield>
  <datafield ind1="1" tag="650" ind2="4">
    <subfield code="a">ANIMALES</subfield>
    <subfield code="9">2469</subfield>
  </datafield>
  <datafield ind2="4" tag="650" ind1="1">
    <subfield code="a">ANFIBIOS</subfield>
    <subfield code="9">3142</subfield>
  </datafield>
  <datafield ind1="1" tag="650" ind2="4">
    <subfield code="a">REPTILES</subfield>
    <subfield code="9">3143</subfield>
  </datafield>
  <datafield ind2="4" tag="650" ind1="1">
    <subfield code="a">AVES</subfield>
    <subfield code="9">3144</subfield>
  </datafield>
  <datafield ind1="1" ind2="4" tag="650">
    <subfield code="a">MAMÍFEROS</subfield>
    <subfield code="9">3148</subfield>
  </datafield>
  <datafield ind1="1" ind2="4" tag="650">
    <subfield code="a">PARQUES NACIONALES</subfield>
    <subfield code="9">3139</subfield>
  </datafield>
  <datafield ind1="1" tag="700" ind2=" ">
    <subfield code="a">Valle Bourrouet, Luisa</subfield>
    <subfield code="9">3149</subfield>
  </datafield>
  <datafield ind1="2" tag="710" ind2=" ">
    <subfield code="a">Fundación Prozoológicos</subfield>
    <subfield code="9">3140</subfield>
  </datafield>
  <datafield ind1=" " tag="942" ind2=" ">
    <subfield code="2">z</subfield>
    <subfield code="c">01</subfield>
  </datafield>
</record>